<?xml version="1.0" encoding="UTF-8"?><collection xmlns="http://www.loc.gov/MARC21/slim"><record><leader>00567nam--2200193-i-4500</leader><controlfield tag="001">000020421</controlfield><controlfield tag="002">20161230</controlfield><controlfield tag="005">20161230201033</controlfield><controlfield tag="008">060222s1000------------r-----000-0-fre-d</controlfield><datafield ind1=" " ind2=" " tag="040"><subfield code="a">IFIN-HH</subfield></datafield><datafield ind1=" " ind2=" " tag="041"><subfield code="a">fre</subfield></datafield><datafield ind1=" " ind2=" " tag="080"><subfield code="a">532</subfield></datafield><datafield ind1="1" ind2=" " tag="100"><subfield code="a">Gamow, G</subfield></datafield><datafield ind1="1" ind2="0" tag="245"><subfield code="a">MONSIEUR TOMPKINS AU PAYS DES MERVEILLES. HISTOIRE DE c, G ET h</subfield><subfield code="b">Traduit de l'anglais par genevueve guenon</subfield><subfield code="c">G. gamow</subfield></datafield><datafield ind1=" " ind2=" " tag="260"><subfield code="a">Paris</subfield><subfield code="b">Dunod</subfield><subfield code="c">1957</subfield></datafield><datafield ind1=" " ind2=" " tag="300"><subfield code="a">98P</subfield></datafield><datafield ind1=" " ind2=" " tag="500"><subfield code="a">Titlul Original In Limba Engleza: Mr. Tompkins In Wonderland</subfield></datafield><datafield ind1=" " ind2=" " tag="852"><subfield code="a">13961</subfield><subfield code="c">53</subfield></datafield><datafield ind1=" " ind2=" " tag="CAT"><subfield code="a">Sys</subfield><subfield code="c">20150210</subfield><subfield code="h">211811</subfield></datafield></record></collection>